% Encoding: UTF-8

@article{Einstein:1905,
	author = "Einstein, Albert",
	title = "{On the electrodynamics of moving bodies}",
	doi = "10.1002/andp.200590006",
	journal = "Annalen Phys.",
	volume = "17",
	pages = "891--921",
	year = "1905"
}


@article{Mertig:1990:feyncalc,
	author = "Mertig, R. and Bohm, M. and Denner, Ansgar",
	title = "{FEYN CALC: Computer algebraic calculation of Feynman amplitudes}",
	reportNumber = "PRINT-90-0639 (WURZBURG)",
	doi = "10.1016/0010-4655(91)90130-D",
	journal = "Comput. Phys. Commun.",
	volume = "64",
	pages = "345--359",
	year = "1991"
}

@article{Shtabovenko:2016:feyncalc,
	author = "Shtabovenko, Vladyslav and Mertig, Rolf and Orellana, Frederik",
	title = "{New Developments in FeynCalc 9.0}",
	eprint = "1601.01167",
	archivePrefix = "arXiv",
	primaryClass = "hep-ph",
	reportNumber = "TUM-EFT-71-15",
	doi = "10.1016/j.cpc.2016.06.008",
	journal = "Comput. Phys. Commun.",
	volume = "207",
	pages = "432--444",
	year = "2016"
}


@article{Shtabovenko:2020:feyncalc,
	author = "Shtabovenko, Vladyslav and Mertig, Rolf and Orellana, Frederik",
	title = "{FeynCalc 9.3: New features and improvements}",
	eprint = "2001.04407",
	archivePrefix = "arXiv",
	primaryClass = "hep-ph",
	reportNumber = "P3H-20-002, TTP19-020, TUM-EFT 130/19",
	doi = "10.1016/j.cpc.2020.107478",
	journal = "Comput. Phys. Commun.",
	volume = "256",
	pages = "107478",
	year = "2020"
}

@book{Peskin:1995,
	author		= {Peskin, Michael E and Schroeder, Daniel V},
	title      	= {An introduction to quantum field theory},
	publisher  	= {Westview},
	year       	= {1995},
	url        	= {https://cds.cern.ch/record/257493},
}

@book{Dokshitzer:1991,
	author  = {Dokshitzer, Yuri L. and Khoze, Valery A. and Mueller, Alfred H. and Troian, S. I.},
	title   = {Basics of perturbative QCD},
	url     = {https://www.lpthe.jussieu.fr/~yuri/BPQCD/BPQCD.pdf},
	year    = {1991},
}
