% Encoding: UTF-8

@article{Einstein:1905,
author 	= {Einstein, Albert},
title 	= {On the electrodynamics of moving bodies},
doi 	= {10.1002/andp.200590006},
journal = {Annalen Phys.},
volume 	= {17},
year 	= {1905}
}

@article{FeynCalc:1991,
title 	= {Feyn Calc - Computer-algebraic calculation of Feynman amplitudes},
journal = {Computer Physics Communications},
volume 	= {64},
number 	= {3},
pages 	= {345-359},
year 	= {1991},
issn 	= {0010-4655},
doi 	= {https://doi.org/10.1016/0010-4655(91)90130-D},
url 	= {https://www.sciencedirect.com/science/article/pii/001046559190130D},
author 	= {R. Mertig and M. Böhm and A. Denner},
}

@article{FeynCalc:2016,
title		= {New developments in FeynCalc 9.0},
volume		= {207},
ISSN		= {0010-4655},
url			= {https://arxiv.org/abs/1601.01167},
DOI			= {10.1016/j.cpc.2016.06.008},
journal		= {Computer Physics Communications},
publisher	= {Elsevier BV},
author		= {Shtabovenko, Vladyslav and Mertig, Rolf and Orellana, Frederik},
year		= {2016},
month		= {10},
pages		= {432–444}
}


@article{FeynCalc:2020,
title 		= {FeynCalc 9.3: New features and improvements},
journal		= {Computer Physics Communications},
volume 		= {256},
pages 		= {107478},
year 		= {2020},
issn 		= {0010-4655},
doi 		= {https://doi.org/10.1016/j.cpc.2020.107478},
url 		= {https://arxiv.org/abs/2001.04407},
author 		= {Vladyslav Shtabovenko and Rolf Mertig and Frederik Orellana},
keywords 	= {High energy physics, Feynman diagrams, Loop integrals, Dimensional regularization, Renormalization, Dirac algebra, Passarino–Veltman, Majorana},
}


@book{Peskin:1995,
author		= {Peskin, Michael E and Schroeder, Daniel V},
title      	= {An introduction to quantum field theory},
publisher  	= {Westview},
year       	= {1995},
url        	= {https://cds.cern.ch/record/257493},
}

@book{Dokshitzer:1991,
author  = {Dokshitzer, Yuri L. and Khoze, Valery A. and Mueller, Alfred H. and Troian, S. I.},
title   = {Basics of perturbative QCD},
url     = {https://www.lpthe.jussieu.fr/~yuri/BPQCD/BPQCD.pdf},
year    = {1991},
}
